<?xml version="1.0" encoding="UTF-8"?><collection xmlns="http://www.loc.gov/MARC21/slim"><record><leader>00520nam--2200181-i-4500</leader><controlfield tag="001">000016978</controlfield><controlfield tag="002">20161230</controlfield><controlfield tag="005">20161230201032</controlfield><controlfield tag="008">060222s1000------------r-----000-0-eng-d</controlfield><datafield ind1=" " ind2=" " tag="040"><subfield code="a">IFIN-HH</subfield></datafield><datafield ind1=" " ind2=" " tag="080"><subfield code="a">539.14:539.12</subfield></datafield><datafield ind1="1" ind2=" " tag="100"><subfield code="a">Deshalit, Amos</subfield></datafield><datafield ind1="1" ind2="0" tag="245"><subfield code="a">Theoretical nuclear physics</subfield><subfield code="b">Vol.1: nuclear structure</subfield><subfield code="c">Amos deshalit; herman feshbach</subfield></datafield><datafield ind1=" " ind2=" " tag="260"><subfield code="a">New York</subfield><subfield code="b">John Wiley &amp; Sons, Inc</subfield><subfield code="c">1974</subfield></datafield><datafield ind1=" " ind2=" " tag="300"><subfield code="a">XXVIII+979P</subfield></datafield><datafield ind1="1" ind2=" " tag="700"><subfield code="a">Feshbach, Herman</subfield></datafield><datafield ind1=" " ind2=" " tag="852"><subfield code="a">41897</subfield><subfield code="c">539.14</subfield></datafield><datafield ind1=" " ind2=" " tag="CAT"><subfield code="a">Sys</subfield><subfield code="c">20110412</subfield><subfield code="h">115812</subfield></datafield></record></collection>